<record><leader>00000cas a22000007a 4500</leader><controlfield tag="001">9310411</controlfield><controlfield tag="008">830315d18731922maudn ne      0    0eng d</controlfield><controlfield tag="009">3768</controlfield><datafield ind1=" " ind2=" " tag="010"><subfield code="a">sn 83020249 </subfield></datafield><datafield ind1=" " ind2=" " tag="040"><subfield code="a">NPX</subfield><subfield code="b">eng</subfield><subfield code="c">NPX</subfield><subfield code="d">MGN</subfield></datafield><datafield ind1=" " ind2=" " tag="042"><subfield code="a">msc</subfield></datafield><datafield ind1="0" ind2="0" tag="245"><subfield code="a">Fitchburg daily sentinel.</subfield></datafield><datafield ind1="0" ind2="3" tag="246"><subfield code="a">Daily sentinel</subfield></datafield><datafield ind1=" " ind2=" " tag="260"><subfield code="a">Fitchburg [Mass.] :</subfield><subfield code="b">Sentinel Printing Co.,</subfield></datafield><datafield ind1=" " ind2=" " tag="300"><subfield code="a">v.</subfield></datafield><datafield ind1=" " ind2=" " tag="310"><subfield code="a">Daily (except Sun.)</subfield></datafield><datafield ind1="0" ind2=" " tag="362"><subfield code="a">Vol. 1, no. 1 (May 6, 1873)-v. 49, no. 274 (Mar. 31, 1922).</subfield></datafield><datafield ind1=" " ind2=" " tag="580"><subfield code="a">Weekly ed.: Fitchburg weekly sentinel, 1873-1922.</subfield></datafield><datafield ind1=" " ind2=" " tag="752"><subfield code="a">United States</subfield><subfield code="b">Massachusetts</subfield><subfield code="c">Worcester</subfield><subfield code="d">Fitchburg.</subfield></datafield><datafield ind1="1" ind2=" " tag="775"><subfield code="t">Fitchburg weekly sentinel</subfield><subfield code="w">(DLC)sn 83020251</subfield></datafield><datafield ind1="0" ind2="5" tag="780"><subfield code="t">Fitchburg evening chronicle</subfield><subfield code="w">(DLC)sn 83020265</subfield></datafield><datafield ind1="0" ind2="0" tag="785"><subfield code="t">Fitchburg sentinel (Fitchburg, Mass. : Daily)</subfield><subfield code="w">(DLC)sn 89062135</subfield></datafield><datafield ind1=" " ind2=" " tag="936"><subfield code="a">1876 Oct. 6</subfield></datafield></record>